@article{supplementary,
  title = {Supplementary material},
  author = {},
  journal = {Supplementary material},
}


@article{nelson07,
  title = {Imaging single atoms in a three-dimensional array},
  author = {Karl D. Nelson and Xiao Li and David S. Weiss},
  journal = {Nature Physics},
  year = {2007},
  volume = {3},
  pages = {556},
  doi = {10.1038/nphys645},
}

@article{miranda12,
  title = {All-optical transport and compression of ytterbium atoms into the surface of a solid immersion lens},
  author = {M. Miranda and A. Nakamoto and Y. Okuyama and A. Noguchi and M. Ueda and M. Kozuma},
  journal = {Physical Review A},
  year = {2012},
  volume = {86},
  pages = {063615},
  doi = {10.1103/PhysRevA.86.063615},
}

@article{bakr09,
  title = {A quantum gas microscope for detecting single atoms in a Hubbard-regime optical lattice},
  author = {Waseem S. Bakr and Jonathon I. Gillen and Amy Peng and Simon F{\"o}lling and Markus Greiner},
  journal = {Nature},
  year = {2009},
  volume = {462},
  pages = {74},
  doi = {10.1038/nature08482},
}

@article{bakr10,
  title = {Probing the Superfluid-to-Mott Insulator Transition at the Single-Atom Level},
  author = {W. S. Bakr and A. Peng and M. E. Tai and R. Ma and J. Simon and J. I. Gillen and S. F{\"o}lling and L. Pollet and M. Greiner},
  journal = {Science},
  year = {2010},
  volume = {329},
  pages = {547},
  doi = {10.1126/science.1192368},
}

@article{simon11,
  title = {Quantum simulation of antiferromagnetic spin chains in an optical lattice},
  author = {Jonathan Simon and Waseem S. Bakr and Ruichao Ma and M. Eric Tai and Philipp M. Preiss and Markus Greiner},
  journal = {Nature},
  year = {2011},
  volume = {472},
  pages = {307},
  doi = {10.1038/nature09994},
}

@article{sherson10,
  title = {Single-atom-resolved fluorescence imaging of an atomic Mott insulator},
  author = {Jacob F. Sherson and Christof Weitenberg and Manuel Endres and Marc Cheneau and Immanuel Bloch and Stefan Kuhr},
  journal = {Nature},
  year = {2010},
  volume = {467},
  pages = {68},
  doi = {10.1038/nature09378},
}

@article{weitenberg11,
  title = {Single-spin addressing in an atomic Mott insulator},
  author = {Christof Weitenberg and Manuel Endres and Jacob F. Sherson and Marc Cheneau and Peter Schau{\ss} and Takeshi Fukuhara and Immanuel Bloch and Stefan Kuhr},
  journal = {Nature},
  year = {2011},
  volume = {471},
  pages = {319},
  doi = {10.1038/nature09827},
}

@article{duarte11,
  title = {All-optical production of a lithium quantum gas using narrow-line laser cooling},
  author = {P. Duarte and R. Hart and J. Hitchcock and T. Corcovilos and T.-L. Yang and A. Reed and R. Hulet},
  journal = {Physical Review A},
  year = {2011},
  volume = {84},
  pages = {061406},
  doi = {10.1103/PhysRevA.84.061406},
}

@article{wenz13,
  title = {From Few to Many: Observing the Formation of a Fermi Sea One Atom at a Time},
  author = {A. N. Wenz and G. Z{\"u}rn and S. Murmann and I. Brouzos and T. Lompe and S. Jochim},
  journal = {Science},
  year = {2013},
  volume = {342},
  pages = {457},
  doi = {10.1126/science.1240516},
}

@article{gustavson01,
  title = {Transport of Bose-Einstein Condensates with Optical Tweezers},
  author = {Gustavson, T. L. and Chikkatur, A. P. and Leanhardt, A. E. and G\"orlitz, A. and Gupta, S. and Pritchard, D. E. and Ketterle, W.},
  journal = {Phys. Rev. Lett.},
  volume = {88},
  issue = {2},
  pages = {020401},
  numpages = {4},
  year = {2001},
  month = {Dec},
  publisher = {American Physical Society},
  doi = {10.1103/PhysRevLett.88.020401},
  url = {http://link.aps.org/doi/10.1103/PhysRevLett.88.020401}
}

@article{li08,
  author = {T. C. Li and H. Kelkar and D. Medellin and M. G. Raizen},
  journal = {Opt. Express},
  keywords = {Atomic and molecular physics; Laser trapping},
  number = {8},
  pages = {5465--5470},
  publisher = {OSA},
  title = {Real-time control of the periodicity of a standing wave: an optical accordion},
  volume = {16},
  month = {Apr},
  year = {2008},
  url = {http://www.opticsexpress.org/abstract.cfm?URI=oe-16-8-5465},
  doi = {10.1364/OE.16.005465}
}

@article{safronova12,
  title = {Magic wavelengths for optical cooling and trapping of lithium},
  author = {M. S. Safronova and U. I. Safronova and Charles W. Clark},
  journal = {Physical Review A},
  year = {2012},
  volume = {86},
  pages = {042505},
  doi = {10.1103/PhysRevA.86.042505},
}

@article{preiss14,
  title = {Strongly Correlated Quantum Walks in Optical Lattices},
  author = {Philipp M. Preiss and Ruichao Ma and M. Eric Tai and Alexander Lukin and Matthew Rispoli and Philip Zupancic and Yoav Lahini and Rajibul Islam and Markus Greiner},
  journal = {arXiv:1409.3100v1},
  year = {2014},
}

@article{chin10,
  title = {Feshbach resonances in ultracold gases},
  author = {Cheng Chin and Rudolf Grimm and Paul Julienne and Eite Tiesinga},
  journal = {Reviews of Modern Physics},
  year = {2010},
  volume = {82},
  pages = {1225},
  doi = {10.1103/RevModPhys.82.1225},
}

@article{scott01,
  title = {High-dynamic-range laser amplitude and phase noise measurement techniques},
  author = {R.P. Scott and C. Langrock and B.H. Kolner},
  journal = {IEEE Journal of Selected Topics in Quantum Electronics},
  year = {2001},
  volume = {7},
  pages = {641},
  doi = {10.1109/2944.974236},
}

@article{kwee12,
  title = {Stabilized high-power laser system for the gravitational wave detector advanced LIGO},
  author = {P. Kwee and C. Bogan and K. Danzmann and M. Frede and H. Kim and P. King and J. P{\"o}ld and O. Puncken and R. L. Savage and F. Seifert and P. Wessels and L. Winkelmann and B. Willke},
  journal = {Optics Express},
  year = {2012},
  volume = {20},
  pages = {10617},
  doi = {10.1364/OE.20.010617},
}

@article{dooley12,
  title = {Thermal effects in the Input Optics of the Enhanced Laser Interferometer Gravitational-Wave Observatory interferometers},
  author = {Katherine L. Dooley and Muzammil A. Arain and David Feldbaum and Valery V. Frolov and Matthew Heintze and Daniel Hoak and Efim A. Khazanov and Antonio Lucianetti and Rodica M. Martin and Guido Mueller and Oleg Palashov and Volker Quetschke and David H. Reitze and R. L. Savage and D. B. Tanner and Luke F. Williams and Wan Wu},
  journal = {Review of Scientific Instruments},
  year = {2012},
  volume = {83},
  pages = {033109},
  doi = {10.1063/1.3695405},
}

@article{gehm98,
  title = {Dynamics of noise-induced heating in atom traps},
  author = {M. Gehm and K. O'Hara and T. Savard and J. Thomas},
  journal = {Physical Review A},
  year = {1998},
  volume = {58},
  pages = {3914},
  doi = {10.1103/PhysRevA.58.3914},
}

@article{gehm00,
  title = {Erratum: Dynamics of noise-induced heating in atom traps [Phys. Rev. A 58, 3914 (1998)]},
  author = {M. Gehm and K. O'Hara and T. Savard and J. Thomas},
  journal = {Physical Review A},
  year = {2000},
  volume = {61},
  pages = {029902},
  doi = {10.1103/PhysRevA.61.029902},
}

@article{savard97,
  title = {Laser-noise-induced heating in far-off resonance optical traps},
  author = {T. A. Savard and K. M. O'Hara and J. E. Thomas},
  journal = {Physical Review A},
  year = {1997},
  volume = {56},
  pages = {R1095},
  doi = {10.1103/PhysRevA.56.R1095},
}

@article{wolf00,
  title = {Suppression of Recoil Heating by an Optical Lattice},
  author = {Steffen Wolf and Steven Oliver and David Weiss},
  journal = {Physical Review Letters},
  year = {2000},
  volume = {85},
  pages = {4249},
  doi = {10.1103/PhysRevLett.85.4249},
}

@book{cohen-tannoudji92,
  title = {Atom-photon interactions: basic processes and applications},
  author = {Claude Cohen-Tannoudji and Jacques Dupont-Roc and Gilbert Grynberg},
  year = {1992},
  publisher = {Wiley, New York, NY},
  isbn = {0471293369},
}

@article{wineland79,
  title = {Laser cooling of atoms},
  author = {D. Wineland and Wayne Itano},
  journal = {Physical Review A},
  year = {1979},
  volume = {20},
  pages = {1521},
  doi = {10.1103/PhysRevA.20.1521},
}

@article{leibfried03,
  title = {Quantum dynamics of single trapped ions},
  author = {D. Leibfried and R. Blatt and C. Monroe and D. Wineland},
  journal = {Reviews of Modern Physics},
  year = {2003},
  volume = {75},
  pages = {281},
  doi = {10.1103/RevModPhys.75.281},
}

@article{stenholm86,
  title = {The semiclassical theory of laser cooling},
  author = {Stig Stenholm},
  journal = {Reviews of Modern Physics},
  year = {1986},
  volume = {58},
  pages = {699},
  doi = {10.1103/RevModPhys.58.699},
}

@article{grimm99,
  title = {Optical dipole traps for neutral atoms},
  author = {Rudolf Grimm and Matthias Weidem{\"u}ller and Yurii B. Ovchinnikov},
  journal = {arXiv:physics/9902072v1},
  year = {1999},
}

@article{endres11,
  title = {Observation of Correlated Particle-Hole Pairs and String Order in Low-Dimensional Mott Insulators},
  author = {M. Endres and M. Cheneau and T. Fukuhara and C. Weitenberg and P. Schauss and C. Gross and L. Mazza and M. C. Banuls and L. Pollet and I. Bloch and S. Kuhr},
  journal = {Science},
  year = {2011},
  volume = {334},
  pages = {200},
  doi = {10.1126/science.1209284},
}

@article{cheneau12,
  title = {Light-cone-like spreading of correlations in a quantum many-body system},
  author = {Marc Cheneau and Peter Barmettler and Dario Poletti and Manuel Endres and Peter Schau{\"s} and Takeshi Fukuhara and Christian Gross and Immanuel Bloch and Corinna Kollath and Stefan Kuhr},
  journal = {Nature},
  year = {2012},
  volume = {481},
  pages = {484},
  doi = {10.1038/nature10748},
}

@article{endres12,
  title = {The `Higgs' amplitude mode at the two-dimensional superfluid/Mott insulator transition},
  author = {Manuel Endres and Takeshi Fukuhara and David Pekker and Marc Cheneau and Peter Schau{\ss} and Christian Gross and Eugene Demler and Stefan Kuhr and Immanuel Bloch},
  journal = {Nature},
  year = {2012},
  volume = {487},
  pages = {454},
  doi = {10.1038/nature11255},
}

@article{bakr11,
  title = {Orbital excitation blockade and algorithmic cooling in quantum gases},
  author = {Waseem S. Bakr and Philipp M. Preiss and M. Eric Tai and Ruichao Ma and Jonathan Simon and Markus Greiner},
  journal = {Nature},
  year = {2011},
  volume = {480},
  pages = {500},
  doi = {10.1038/nature10668},
}

@article{ma11,
  title = {Photon-Assisted Tunneling in a Biased Strongly Correlated Bose Gas},
  author = {Ruichao Ma and M. Eric Tai and Philipp M. Preiss and Waseem S. Bakr and Jonathan Simon and Markus Greiner},
  journal = {Physical Review Letters},
  year = {2011},
  volume = {107},
  pages = {095301},
  doi = {10.1103/PhysRevLett.107.095301},
}

@article{bloch08,
  title = {Many-body physics with ultracold gases},
  author = {Immanuel Bloch and Jean Dalibard and Wilhelm Zwerger},
  journal = {Reviews of Modern Physics},
  year = {2008},
  volume = {80},
  pages = {885},
  doi = {10.1103/RevModPhys.80.885},
}

@article{bloch12,
  title = {Quantum simulations with ultracold quantum gases},
  author = {Immanuel Bloch and Jean Dalibard and Sylvain Nascimb{\`e}ne},
  journal = {Nature Physics},
  year = {2012},
  volume = {8},
  pages = {267},
  doi = {10.1038/nphys2259},
}

@article{esslinger10,
  title = {Fermi-Hubbard Physics with Atoms in an Optical Lattice},
  author = {Tilman Esslinger},
  journal = {Annual Review of Condensed Matter Physics},
  year = {2010},
  volume = {1},
  pages = {129},
  doi = {10.1146/annurev-conmatphys-070909-104059},
}


@phdthesis{huber14,
  title = {Site-Resolved Imaging with the Fermi Gas Microscope},
  author = {Florian Gerhard Huber},
  school = {Harvard University, Department of Physics},
  year = {2014},
}

@article{lu12,
  title = {Quantum Degenerate Dipolar Fermi Gas},
  author = {Mingwu Lu and Nathaniel Q. Burdick and Benjamin L. Lev},
  journal = {Physical Review Letters},
  year = {2012},
  volume = {108},
  pages = {215301},
  doi = {10.1103/PhysRevLett.108.215301},
}

@article{aikawa14,
  title = {Reaching Fermi Degeneracy via Universal Dipolar Scattering},
  author = {K. Aikawa and A. Frisch and M. Mark and S. Baier and R. Grimm and F. Ferlaino},
  journal = {Physical Review Letters},
  year = {2014},
  volume = {112},
  pages = {010404},
  doi = {10.1103/PhysRevLett.112.010404},
}

@article{stellmer13,
  title = {Production of quantum-degenerate strontium gases},
  author = {Simon Stellmer and Rudolf Grimm and Florian Schreck},
  journal = {Physical Review A},
  year = {2013},
  volume = {87},
  pages = {013611},
  doi = {10.1103/PhysRevA.87.013611},
}

@article{taie12,
  title = {An SU(6) Mott insulator of an atomic Fermi gas realized by large-spin Pomeranchuk cooling},
  author = {Shintaro Taie and Rekishu Yamazaki and Seiji Sugawa and Yoshiro Takahashi},
  journal = {Nature Physics},
  year = {2012},
  volume = {8},
  pages = {825},
  doi = {10.1038/nphys2430},
}

@article{ketterle08,
  title = {Making, probing and understanding ultracold Fermi gases},
  author = {Wolfgang Ketterle and Martin W. Zwierlein},
  journal = {arXiv:0801.2500v1},
  year = {2008},
  doi = {10.1393/ncr/i2008-10033-1},
}

@article{greiner01,
  title = {Exploring Phase Coherence in a 2D Lattice of Bose-Einstein Condensates},
  author = {Markus Greiner and Immanuel Bloch and Olaf Mandel and Theodor H{\"a}nsch and Tilman Esslinger},
  journal = {Physical Review Letters},
  year = {2001},
  volume = {87},
  pages = {160405},
  doi = {10.1103/PhysRevLett.87.160405},
}

@article{hart14,
  title = {Observation of antiferromagnetic correlations in the Hubbard model with ultracold atoms},
  author = {Russell A. Hart and Pedro M. Duarte and Tsung-Lin Yang and Xinxing Liu and Thereza Paiva and Ehsan Khatami and Richard T. Scalettar and Nandini Trivedi and David A. Huse and Randall G. Hulet},
  journal = {arXiv:1407.5932v2},
  year = {2014},
}

@article{greif13,
  title = {Short-Range Quantum Magnetism of Ultracold Fermions in an Optical Lattice},
  author = {D. Greif and T. Uehlinger and G. Jotzu and L. Tarruell and T. Esslinger},
  journal = {Science},
  year = {2013},
  volume = {340},
  pages = {1307},
  doi = {10.1126/science.1236362},
}

@article{pichler12,
  title = {Noise- and disorder-resilient optical lattices},
  author = {Hannes Pichler and Johannes Schachenmayer and Jonathan Simon and Peter Zoller and Andrew J. Daley},
  journal = {Physical Review A},
  year = {2012},
  volume = {86},
  pages = {051605},
  doi = {10.1103/PhysRevA.86.051605},
}
